@misc{greendeal2022report,
	author       = {{European Commission}},
	title        = {{Implementing the RePowerEU action plan: investments needs, hydrogen accelerator and achieving the bio-methane targets}},
	year         = {2022},
	month 		 = may,
	url 		= {https://eur-lex.europa.eu/legal-content/EN/TXT/?uri=SWD:2022:230:FIN},
	note = {{A}ccessed: 2024-11-06}
} European Green Deal


@misc{eurostat2023share,
	author       = "{EuroStat}",
	title        = "{Renewable Energy Statistics}",
	year         = {2023},
	month        = dec,
	url = {https://ec.europa.eu/eurostat/statistics-explained/index.php?title=Renewable_energy_statistics},
	note = {{A}ccessed: 2024-11-06}
} Share of RES E


@misc{eirgrid2023spreadsheet,
	title        = {{System and Renewable Data Reports}},
	author		 = {{EirGrid \& SONI}},
	year = {2023}, 
	url = {https://www.eirgrid.ie/grid/system-and-renewable-data-reports},
	note = {{A}ccessed: 2024-11-06}
} 


@techreport{cap2024future, 
	title		= {{Climate Action Plan 2024}},
	number		= {3},
	institution	= {Department of the Environment, Climate and Communications},
	author		= {{Governement of Ireland}},
	year		= {2023},
	month		= dec,
	pages		= {447},
	language	= {English},
	url = {https://www.gov.ie/pdf/?file=https://assets.gov.ie/284675/70922dc5-1480-4c2e-830e-295afd0b5356.pdf},
	note = {{A}ccessed: 2024-11-06}
} Climate Action Plan 2024

@techreport{seai2024future, 
	title		= {{National Energy Projections 2024}},
	institution	= {Sustainability Energy Authority of Ireland},
	author		= {{Sustainable Energy Authority Ireland}},
	year		= {2024},
	month		= nov,
	pages		= {102},
	language	= {English},
	url = {https://www.seai.ie/news-and-events/news/energy-projections-report},
	note = {{A}ccessed: 2024-11-06}
} SEAI 2024 report 

@article{beyer2004pv,
 	title		 = {A robust model for the MPP performance of different types of PV-modules applied for the performance check of grid connected systems},
 	journal		 = {Eurosun},
 	author		 = {Beyer, Hans G. and Heilscher, Gerd and Bofinger, Stefan},
 	year		 = {2004},
 	pages		 = {8}
} PV model used by Atlite

@article{bloomfield2016,
	title		= {Quantifying the increasing sensitivity of power systems to climate variability},
	author		= {Bloomfield, Hannah C and Brayshaw, David J and Shaffrey, Len C and Coker, Phil J and Thornton, Hazel E},
	journal		= {Environmental Research Letters},
	volume		= {11},
	number		= {12},
	pages		= {124025},
	year		= {2016},
	publisher	= {IOP Publishing},
	doi = {10.1088/1748-9326/11/12/124025}
} 

@article{bloomfield2021,
	title        = {Quantifying the sensitivity of european power systems to energy scenarios and climate change projections},
	author       = {Bloomfield, Hannah C and Brayshaw, David J and Troccoli, Alberto and Goodess, Clare M and De Felice, Matteo and Dubus, Laurent and Bett, Philip E and Saint-Drenan, Yves-Marie},
	year         = 2021,
	month        = feb,
	journal      = {Renewable Energy},
	volume       = 164,
	pages        = {1062–1075},
	doi          = {10.1016/j.renene.2020.09.125},
	language     = {English}
}  Elecctrifation of European power system

@article{hersbach2020era5,
	title        = {{The ERA5 global reanalysis}},
	author       = {Hersbach, Hans and Bell, Bill and Berrisford, Paul and Hirahara, Shoji and Hor{\'a}nyi, Andr{\'a}s and Mu{\~n}oz-Sabater, Joaqu{\'\i}n and Nicolas, Julien and Peubey, Carole and Radu, Raluca and Schepers, Dinand and others},
	year         = 2020,
	month		 = jul,
	journal      = {Quarterly Journal of the Royal Meteorological Society},
	publisher    = {Wiley Online Library},
	volume       = 146,
	number       = 730,
	pages        = {1999--2049},
	doi          = {10.1002/qj.3803}
} ERA5 dataset

@article{saintdrenan2018solar,
	title        = {{An approach for the estimation of the aggregated photovoltaic power generated in several European countries from meteorological data}},
	author       = {Saint-Drenan, Yves-Marie and Wald, Lucien and Ranchin, Thierry and Dubus, Laurent and Troccoli, Alberto},
	year         = 2018,
	month        = may,
	journal      = {Advances in Science and Research},
	volume       = 15,
	pages        = {51–62},
	doi          = {10.5194/asr-15-51-2018},
	issn         = {1992-0636},
	language     = {en}
} PV modelling for C3S-E

@article{dubus2023energy,
	title        = {{C3S Energy: A climate service for the provision of power supply and demand indicators for Europe based on the ERA5 reanalysis and ENTSO‐E data}},
	author       = {Dubus, Laurent and Saint‐Drenan, Yves‐Marie and Troccoli, Alberto and De Felice, Matteo and Moreau, Yohann and Ho‐Tran, Linh and Goodess, Clare and Amaro E Silva, Rodrigo and Sanger, Luke},
	year         = 2023,
	month        = sep,
	journal      = {Meteorological Applications},
	volume       = 30,
	number       = 5,
	pages        = {e2145},
	doi          = {10.1002/met.2145},
	issn         = {1350-4827, 1469-8080},
	language     = {en}
} C3S Energy dataset

@misc{cds2023energy,
	title        = {{Climate and energy indicators for Europe from 1979 to present derived from reanalysis.}},
	author       = {{Copernicus Climate Change Service (C3S)}},
	year         = 2020,
	doi          = {10.24381/cds.4bd77450},
	note = "Accessed on 28-11-2024"
} C3S energy CDS

@article{vanderwiel2019drought,
	title        = {Meteorological conditions leading to extreme low variable renewable energy production and extreme high energy shortfall},
	author       = {van der Wiel, Karin and Stoop, Laurens P. and Van Zuijlen, B. R. H. and Blackport, Russell and Van den Broek, M. A. and Selten, F. M.},
	year         = 2019,
	month        = sep,
	journal      = {Renewable and Sustainable Energy Reviews},
	publisher    = {Elsevier},
	volume       = 111,
	pages        = {261–275},
	doi          = {10.1016/j.rser.2019.04.065}
} RES droughts

@article{mockert2023drought,
	title        = {{Meteorological conditions during periods of low wind speed and insolation in Germany: The role of weather regimes}},
	author       = {Mockert, Fabian and Grams, Christian M and Brown, Tom and Neumann, Fabian},
	year         = 2023,
	journal      = {Meteorological Applications},
	publisher    = {Wiley Online Library},
	volume       = 30,
	number       = 4,
	pages        = {e2141},
	doi 		 = {10.1002/met.2141}
} RES droughts + Atlite 

@article{brown2021drought,
	title        = {{Meteorology and climatology of historical weekly wind and solar power resource droughts over western North America in ERA5}},
	author       = {Brown, Patrick T. and Farnham, David J. and Caldeira, Ken},
	year         = 2021,
	month        = oct,
	journal      = {SN Applied Sciences},
	volume       = 3,
	number       = 10,
	pages        = 814,
	doi          = {10.1007/s42452-021-04794-z},
	issn         = {2523-3963, 2523-3971},
	language     = {English}
} RES droughts

@article{rinaldi2021drought,
	title        = {{Wind and Solar Resource Droughts in California Highlight the Benefits of Long-Term Storage and Integration with the Western Interconnect}},
	author       = {Rinaldi, Katherine Z. and Dowling, Jacqueline A. and Ruggles, Tyler H. and Caldeira, Ken and Lewis, Nathan S.},
	year         = 2021,
	month        = may,
	journal      = {Environmental Science and Technology},
	volume       = 55,
	number       = 9,
	pages        = {6214–6226},
	doi          = {10.1021/acs.est.0c07848},
	issn         = {0013-936X, 1520-5851},
	language     = {English}
} RES droughts 

@article{gangopadhyay2022drought,
	title        = {The role of wind-solar hybrid plants in mitigating renewable energy-droughts},
	author       = {Gangopadhyay, Anasuya and Seshadri, Ashwin  K. and Sparks, Nathan J. and Toumi, Ralf},
	journal      = {Renewable Energy},
	year         = 2022,
	month        = jul,
	volume       = 194,
	pages        = {926–937},
	doi          = {10.1016/j.renene.2022.05.122},
	issn         = {0960-1481},
	language     = {English}
} RES droughts

@article{mayer2023drought,
	title        = {Probabilistic modeling of future electricity systems with high renewable energy penetration using machine learning},
	author       = {Mayer, Martin János and Biró, Bence and Szücs, Botond and Aszódi, Attila},
	year         = 2023,
	month        = apr,
	journal      = {Applied Energy},
	volume       = 336,
	pages        = 120801,
	doi          = {10.1016/j.apenergy.2023.120801},
	issn         = {03062619},
	language     = {English}
} RES droughts

@article{bracken2024drought,
	title        = {{Standardized benchmark of historical compound wind and solar energy droughts across the Continental United States}},
	author       = {Cameron Bracken and Nathalie Voisin and Casey D. Burleyson and Allison M. Campbell and Z. Jason Hou and Daniel Broman},
	year         = 2024,
	journal      = {Renewable Energy},
	volume       = 220,
	pages        = 119550,
	doi          = {https://doi.org/10.1016/j.renene.2023.119550},
	issn         = {0960-1481},
	language     = {English}
} RES droughts

@article{raynaud2018drought,
	title        = {{Energy droughts from variable renewable energy sources in European climates}},
	author       = {D. Raynaud and B. Hingray and B. François and J.D. Creutin},
	year         = 2018,
	journal      = {Renewable Energy},
	volume       = 125,
	pages        = {578--589},
	doi          = {https://doi.org/10.1016/j.renene.2018.02.130},
	issn         = {0960-1481},
	language     = {English}
} RES droughts

@article{allen2023drought,
	title        = {Standardised indices to monitor energy droughts},
	author       = {Allen, Sam and Otero, Noelia},
	year         = 2023,
	month        = nov,
	journal      = {Renewable Energy},
	volume       = 217,
	pages        = 119206,
	doi          = {10.1016/j.renene.2023.119206},
	issn         = {09601481},
	language     = {English}
} RES droughts

@article{lei2024drought,
	title        = {Frequency, duration, severity of energy drought and its propagation in hydro-wind-photovoltaic complementary systems},
	author       = {Lei, Hongxuan and Liu, Pan and Cheng, Qian and Xu, Huan and Liu, Weibo and Zheng, Yalian and Chen, Xiangding and Zhou, Yong},
	year         = 2024,
	month        = {jun},
	journal      = {Renewable Energy},
	pages        = 120845,
	doi          = {10.1016/j.renene.2024.120845},
	issn         = {09601481},
	note         = 2,
	language     = {English}
} RES droughts

@article{kapica2024drought,
	title        = {The potential impact of climate change on European renewable energy droughts},
	author       = {Kapica, Jacek and Jurasz, Jakub and Canales, Fausto A. and Bloomfield, Hannah and Guezgouz, Mohammed and De Felice, Matteo and Kobus, Zbigniew},
	year         = 2024,
	month        = jan,
	journal      = {Renewable and Sustainable Energy Reviews},
	volume       = 189,
	pages        = 114011,
	doi          = {10.1016/j.rser.2023.114011},
	issn         = 13640321,
	language     = {English}
} RES droughts

@article{ohba2022drought,
	title        = {Climatology of dark doldrums in Japan},
	author       = {Ohba, Masamichi and Kanno, Yuki and Nohara, Daisuke},
	year         = 2022,
	month        = mar,
	journal      = {Renewable and Sustainable Energy Reviews},
	volume       = 155,
	pages        = 111927,
	doi          = {10.1016/j.rser.2021.111927},
	issn         = 13640321,
	language     = {English}
} RES droughts

@article{kaspar2019drought,
	title        = {A climatological assessment of balancing effects and shortfall risks of photovoltaics and wind energy in Germany and Europe},
	author       = {Kaspar, Frank and Borsche, Michael and Pfeifroth, Uwe and Trentmann, Jörg and Drücke, Jaqueline and Becker, Paul},
	year         = 2019,
	month        = jul,
	journal      = {Advances in Science and Research},
	volume       = 16,
	pages        = {119–128},
	doi          = {10.5194/asr-16-119-2019},
	issn         = {1992-0636},
	language     = {en}
} RES droughts

@article{otero2022drought,
	title        = {{Characterizing renewable energy compound events across Europe using a logistic regression‐based approach}},
	author       = {Otero, Noelia and Martius, Olivia and Allen, Sam and Bloomfield, Hannah and Schaefli, Bettina},
	year         = 2022,
	month        = sep,
	journal      = {Meteorological Applications},
	volume       = 29,
	number       = 5,
	pages        = {e2089},
	doi          = {10.1002/met.2089},
	issn         = {1350-4827, 1469-8080},
	note         = 13,
	language     = {en}
} RES droughts

@article{staffell2016wake,
	title        = {Using bias-corrected reanalysis to simulate current and future wind power output},
	author       = {Staffell, Iain and Pfenninger, Stefan},
	year         = 2016,
	month        = nov,
	journal      = {Energy},
	volume       = 114,
	pages        = {1224--1239},
	doi          = {10.1016/j.energy.2016.08.068},
	issn         = {0360-5442},
	urldate      = {2024-03-22}
} Wake effect

@article{hofman2021atlite,
	title        = {{Atlite: a lightweight Python package for calculating renewable power potentials and time series}},
	author       = {Hofmann, Fabian and Hampp, Johannes and Neumann, Fabian and Brown, Tom and H{\"o}rsch, Jonas},
	year         = 2021,
	journal      = {Journal of Open Source Software},
	volume       = 6,
	number       = 62,
	pages        = 3294,
	doi = {10.21105/joss.03294}
} Atlite model

@article{li2023atlite,
	title		 = {The potential assessment of pump hydro energy storage to reduce renewable curtailment and {CO2 emissions in Northwest China}},
	author		 = {Li, Jianling and Zhao, Ziwen and Xu, Dan and Li, Peiquan and Liu, Yong and Mahmud, Md Apel and Chen, Diyi},
	journal		 = {Renewable Energy},
	volume		 = {212},
	pages		 = {82--96},
	year 		 = 2023,
	publisher	 = {Elsevier},
	doi = {10.1016/j.renene.2023.04.132}
} Uses Atlite

@article{parzen2023atlite,
	title        = {PyPSA-Earth. A new global open energy system optimization model demonstrated in Africa},
	author       = {Parzen, Maximilian and Abdel-Khalek, Hazem and Fedotova, Ekaterina and Mahmood, Matin and Frysztacki, Martha Maria and Hampp, Johannes and Franken, Lukas and Schumm, Leon and Neumann, Fabian and Poli, Davide and others},
	year         = 2023,
	journal      = {Applied Energy},
	publisher    = {Elsevier},
	volume       = 341,
	pages        = 121096,
	doi = {10.1016/j.apenergy.2023.121096}
} Uses Atlite

@article{ali2023comparative,
	title        = {Comparative analysis of photovoltaic configurations for agrivoltaic systems in Europe},
	author       = {Ali Khan Niazi, Kamran and Victoria, Marta},
	year         = 2023,
	journal      = {Progress in Photovoltaics: Research and Applications},
	publisher    = {Wiley Online Library},
	volume       = 31,
	number       = 11,
	pages        = {1101--1113},
	doi = {10.1002/pip.3727}
} Uses Atlite
