@article{Morin_Far_Flynn_Sweeney_2025,
	title        = {Reducing RES Droughts through the integration of wind and solar PV},
	author       = {Morin, Boris and Far, Aina Maim√≥ and Flynn, Damian and Sweeney, Conor},
	year         = 2025,
	month        = may,
	journal      = {Renewable Energy},
	pages        = 123392,
	doi          = {10.1016/j.renene.2025.123392},
	issn         = {09601481},
	language     = {English}
}
